@article{Feng:2016ijc,
    author = "Feng, Jonathan L. and Smolinsky, Jordan and Tanedo, Philip",
    title = "{Detecting dark matter through dark photons from the Sun: Charged particle signatures}",
    eprint = "1602.01465",
    archivePrefix = "arXiv",
    primaryClass = "hep-ph",
    reportNumber = "UCI-TR-2016-02",
    doi = "10.1103/PhysRevD.93.115036",
    journal = "Phys. Rev. D",
    volume = "93",
    number = "11",
    pages = "115036",
    year = "2016",
    note = "[Erratum: Phys.Rev.D 96, 099903 (2017)]"
}


@book{bringhurst2012elements,
  title={The Elements of Typographic Style},
  author={Bringhurst, R.},
  isbn={9780881792119},
  year={2012},
  publisher={Hartley \& Marks}
}
% url={https://books.google.com/books?id=MA80LgEACAAJ},

